%YAML 1.1
%TAG !u! tag:unity3d.com,2011:
--- !u!64 &8479031070589959836
MeshCollider:
  m_ObjectHideFlags: 0
  m_CorrespondingSourceObject: {fileID: 0}
  m_PrefabInstance: {fileID: 0}
  m_PrefabAsset: {fileID: 0}
  m_GameObject: {fileID: 353308150518905627}
  m_Material: {fileID: 0}
  m_IsTrigger: 0
  m_Enabled: 1
  serializedVersion: 4
  m_Convex: 0
  m_CookingOptions: 30
  m_Mesh: {fileID: -2432090755550338912, guid: 4af4b8cf8d33a794f823b3ebdce1ec2e, type: 3}
--- !u!1 &1593277372548240086
GameObject:
  m_ObjectHideFlags: 0
  m_CorrespondingSourceObject: {fileID: 0}
  m_PrefabInstance: {fileID: 0}
  m_PrefabAsset: {fileID: 0}
  serializedVersion: 6
  m_Component:
  - component: {fileID: 7622349778866182620}
  m_Layer: 0
  m_Name: Resources
  m_TagString: Untagged
  m_Icon: {fileID: 0}
  m_NavMeshLayer: 0
  m_StaticEditorFlags: 0
  m_IsActive: 1
--- !u!4 &7622349778866182620
Transform:
  m_ObjectHideFlags: 0
  m_CorrespondingSourceObject: {fileID: 0}
  m_PrefabInstance: {fileID: 0}
  m_PrefabAsset: {fileID: 0}
  m_GameObject: {fileID: 1593277372548240086}
  m_LocalRotation: {x: -0, y: -0, z: -0, w: 1}
  m_LocalPosition: {x: -0.8994231, y: 0.704202, z: 7.0009975}
  m_LocalScale: {x: 1, y: 1, z: 1}
  m_Children:
  - {fileID: 9178641914577943883}
  - {fileID: 732608663824172412}
  - {fileID: 1784405688920234760}
  - {fileID: 3251738740505990018}
  m_Father: {fileID: 8479031070829003619}
  m_RootOrder: 3
  m_LocalEulerAnglesHint: {x: 0, y: 0, z: 0}
--- !u!1 &1725793260194425058
GameObject:
  m_ObjectHideFlags: 0
  m_CorrespondingSourceObject: {fileID: 0}
  m_PrefabInstance: {fileID: 0}
  m_PrefabAsset: {fileID: 0}
  serializedVersion: 6
  m_Component:
  - component: {fileID: 1882472460183850531}
  - component: {fileID: 2176776019610332317}
  - component: {fileID: 6420237081086806349}
  - component: {fileID: 5389312925399199949}
  m_Layer: 0
  m_Name: Plane (3)
  m_TagString: Untagged
  m_Icon: {fileID: 0}
  m_NavMeshLayer: 0
  m_StaticEditorFlags: 0
  m_IsActive: 1
--- !u!4 &1882472460183850531
Transform:
  m_ObjectHideFlags: 0
  m_CorrespondingSourceObject: {fileID: 0}
  m_PrefabInstance: {fileID: 0}
  m_PrefabAsset: {fileID: 0}
  m_GameObject: {fileID: 1725793260194425058}
  m_LocalRotation: {x: 0.5, y: 0.5, z: -0.5, w: -0.5}
  m_LocalPosition: {x: -0.676, y: 3, z: 3}
  m_LocalScale: {x: 0.6000015, y: 0.9999999, z: 0.4773826}
  m_Children: []
  m_Father: {fileID: 8068406352335820319}
  m_RootOrder: 4
  m_LocalEulerAnglesHint: {x: 0, y: 270, z: 90}
--- !u!33 &2176776019610332317
MeshFilter:
  m_ObjectHideFlags: 0
  m_CorrespondingSourceObject: {fileID: 0}
  m_PrefabInstance: {fileID: 0}
  m_PrefabAsset: {fileID: 0}
  m_GameObject: {fileID: 1725793260194425058}
  m_Mesh: {fileID: 10209, guid: 0000000000000000e000000000000000, type: 0}
--- !u!23 &6420237081086806349
MeshRenderer:
  m_ObjectHideFlags: 0
  m_CorrespondingSourceObject: {fileID: 0}
  m_PrefabInstance: {fileID: 0}
  m_PrefabAsset: {fileID: 0}
  m_GameObject: {fileID: 1725793260194425058}
  m_Enabled: 0
  m_CastShadows: 1
  m_ReceiveShadows: 1
  m_DynamicOccludee: 1
  m_MotionVectors: 1
  m_LightProbeUsage: 1
  m_ReflectionProbeUsage: 1
  m_RayTracingMode: 2
  m_RenderingLayerMask: 1
  m_RendererPriority: 0
  m_Materials:
  - {fileID: 10303, guid: 0000000000000000f000000000000000, type: 0}
  m_StaticBatchInfo:
    firstSubMesh: 0
    subMeshCount: 0
  m_StaticBatchRoot: {fileID: 0}
  m_ProbeAnchor: {fileID: 0}
  m_LightProbeVolumeOverride: {fileID: 0}
  m_ScaleInLightmap: 1
  m_ReceiveGI: 1
  m_PreserveUVs: 0
  m_IgnoreNormalsForChartDetection: 0
  m_ImportantGI: 0
  m_StitchLightmapSeams: 1
  m_SelectedEditorRenderState: 3
  m_MinimumChartSize: 4
  m_AutoUVMaxDistance: 0.5
  m_AutoUVMaxAngle: 89
  m_LightmapParameters: {fileID: 0}
  m_SortingLayerID: 0
  m_SortingLayer: 0
  m_SortingOrder: 0
--- !u!64 &5389312925399199949
MeshCollider:
  m_ObjectHideFlags: 0
  m_CorrespondingSourceObject: {fileID: 0}
  m_PrefabInstance: {fileID: 0}
  m_PrefabAsset: {fileID: 0}
  m_GameObject: {fileID: 1725793260194425058}
  m_Material: {fileID: 0}
  m_IsTrigger: 0
  m_Enabled: 1
  serializedVersion: 4
  m_Convex: 0
  m_CookingOptions: 30
  m_Mesh: {fileID: 10209, guid: 0000000000000000e000000000000000, type: 0}
--- !u!1 &4119022444725424770
GameObject:
  m_ObjectHideFlags: 0
  m_CorrespondingSourceObject: {fileID: 0}
  m_PrefabInstance: {fileID: 0}
  m_PrefabAsset: {fileID: 0}
  serializedVersion: 6
  m_Component:
  - component: {fileID: 5338341178545527719}
  - component: {fileID: 5872204754168784883}
  - component: {fileID: 8263069423959632589}
  - component: {fileID: 3045768438816549958}
  m_Layer: 0
  m_Name: Plane (2)
  m_TagString: Untagged
  m_Icon: {fileID: 0}
  m_NavMeshLayer: 0
  m_StaticEditorFlags: 0
  m_IsActive: 1
--- !u!4 &5338341178545527719
Transform:
  m_ObjectHideFlags: 0
  m_CorrespondingSourceObject: {fileID: 0}
  m_PrefabInstance: {fileID: 0}
  m_PrefabAsset: {fileID: 0}
  m_GameObject: {fileID: 4119022444725424770}
  m_LocalRotation: {x: 0.5, y: 0.5, z: 0.5, w: 0.5}
  m_LocalPosition: {x: 0, y: 3, z: -3}
  m_LocalScale: {x: 0.6, y: 1, z: 0.6}
  m_Children: []
  m_Father: {fileID: 8068406352335820319}
  m_RootOrder: 3
  m_LocalEulerAnglesHint: {x: 0, y: 90, z: 90}
--- !u!33 &5872204754168784883
MeshFilter:
  m_ObjectHideFlags: 0
  m_CorrespondingSourceObject: {fileID: 0}
  m_PrefabInstance: {fileID: 0}
  m_PrefabAsset: {fileID: 0}
  m_GameObject: {fileID: 4119022444725424770}
  m_Mesh: {fileID: 10209, guid: 0000000000000000e000000000000000, type: 0}
--- !u!23 &8263069423959632589
MeshRenderer:
  m_ObjectHideFlags: 0
  m_CorrespondingSourceObject: {fileID: 0}
  m_PrefabInstance: {fileID: 0}
  m_PrefabAsset: {fileID: 0}
  m_GameObject: {fileID: 4119022444725424770}
  m_Enabled: 0
  m_CastShadows: 1
  m_ReceiveShadows: 1
  m_DynamicOccludee: 1
  m_MotionVectors: 1
  m_LightProbeUsage: 1
  m_ReflectionProbeUsage: 1
  m_RayTracingMode: 2
  m_RenderingLayerMask: 1
  m_RendererPriority: 0
  m_Materials:
  - {fileID: 10303, guid: 0000000000000000f000000000000000, type: 0}
  m_StaticBatchInfo:
    firstSubMesh: 0
    subMeshCount: 0
  m_StaticBatchRoot: {fileID: 0}
  m_ProbeAnchor: {fileID: 0}
  m_LightProbeVolumeOverride: {fileID: 0}
  m_ScaleInLightmap: 1
  m_ReceiveGI: 1
  m_PreserveUVs: 0
  m_IgnoreNormalsForChartDetection: 0
  m_ImportantGI: 0
  m_StitchLightmapSeams: 1
  m_SelectedEditorRenderState: 3
  m_MinimumChartSize: 4
  m_AutoUVMaxDistance: 0.5
  m_AutoUVMaxAngle: 89
  m_LightmapParameters: {fileID: 0}
  m_SortingLayerID: 0
  m_SortingLayer: 0
  m_SortingOrder: 0
--- !u!64 &3045768438816549958
MeshCollider:
  m_ObjectHideFlags: 0
  m_CorrespondingSourceObject: {fileID: 0}
  m_PrefabInstance: {fileID: 0}
  m_PrefabAsset: {fileID: 0}
  m_GameObject: {fileID: 4119022444725424770}
  m_Material: {fileID: 0}
  m_IsTrigger: 0
  m_Enabled: 1
  serializedVersion: 4
  m_Convex: 0
  m_CookingOptions: 30
  m_Mesh: {fileID: 10209, guid: 0000000000000000e000000000000000, type: 0}
--- !u!1 &5027522418542956268
GameObject:
  m_ObjectHideFlags: 0
  m_CorrespondingSourceObject: {fileID: 0}
  m_PrefabInstance: {fileID: 0}
  m_PrefabAsset: {fileID: 0}
  serializedVersion: 6
  m_Component:
  - component: {fileID: 8848077036827413834}
  - component: {fileID: 8791531972256177597}
  - component: {fileID: 7119593975711610929}
  - component: {fileID: 2298325460823048416}
  m_Layer: 0
  m_Name: Plane (1)
  m_TagString: Untagged
  m_Icon: {fileID: 0}
  m_NavMeshLayer: 0
  m_StaticEditorFlags: 0
  m_IsActive: 1
--- !u!4 &8848077036827413834
Transform:
  m_ObjectHideFlags: 0
  m_CorrespondingSourceObject: {fileID: 0}
  m_PrefabInstance: {fileID: 0}
  m_PrefabAsset: {fileID: 0}
  m_GameObject: {fileID: 5027522418542956268}
  m_LocalRotation: {x: 0.7071068, y: 0.7071068, z: 0, w: 0}
  m_LocalPosition: {x: -3, y: 3, z: 1.75}
  m_LocalScale: {x: 0.6000006, y: 1, z: 0.24996132}
  m_Children: []
  m_Father: {fileID: 8068406352335820319}
  m_RootOrder: 1
  m_LocalEulerAnglesHint: {x: 0, y: 180, z: 90}
--- !u!33 &8791531972256177597
MeshFilter:
  m_ObjectHideFlags: 0
  m_CorrespondingSourceObject: {fileID: 0}
  m_PrefabInstance: {fileID: 0}
  m_PrefabAsset: {fileID: 0}
  m_GameObject: {fileID: 5027522418542956268}
  m_Mesh: {fileID: 10209, guid: 0000000000000000e000000000000000, type: 0}
--- !u!23 &7119593975711610929
MeshRenderer:
  m_ObjectHideFlags: 0
  m_CorrespondingSourceObject: {fileID: 0}
  m_PrefabInstance: {fileID: 0}
  m_PrefabAsset: {fileID: 0}
  m_GameObject: {fileID: 5027522418542956268}
  m_Enabled: 0
  m_CastShadows: 1
  m_ReceiveShadows: 1
  m_DynamicOccludee: 1
  m_MotionVectors: 1
  m_LightProbeUsage: 1
  m_ReflectionProbeUsage: 1
  m_RayTracingMode: 2
  m_RenderingLayerMask: 1
  m_RendererPriority: 0
  m_Materials:
  - {fileID: 10303, guid: 0000000000000000f000000000000000, type: 0}
  m_StaticBatchInfo:
    firstSubMesh: 0
    subMeshCount: 0
  m_StaticBatchRoot: {fileID: 0}
  m_ProbeAnchor: {fileID: 0}
  m_LightProbeVolumeOverride: {fileID: 0}
  m_ScaleInLightmap: 1
  m_ReceiveGI: 1
  m_PreserveUVs: 0
  m_IgnoreNormalsForChartDetection: 0
  m_ImportantGI: 0
  m_StitchLightmapSeams: 1
  m_SelectedEditorRenderState: 3
  m_MinimumChartSize: 4
  m_AutoUVMaxDistance: 0.5
  m_AutoUVMaxAngle: 89
  m_LightmapParameters: {fileID: 0}
  m_SortingLayerID: 0
  m_SortingLayer: 0
  m_SortingOrder: 0
--- !u!64 &2298325460823048416
MeshCollider:
  m_ObjectHideFlags: 0
  m_CorrespondingSourceObject: {fileID: 0}
  m_PrefabInstance: {fileID: 0}
  m_PrefabAsset: {fileID: 0}
  m_GameObject: {fileID: 5027522418542956268}
  m_Material: {fileID: 0}
  m_IsTrigger: 0
  m_Enabled: 1
  serializedVersion: 4
  m_Convex: 0
  m_CookingOptions: 30
  m_Mesh: {fileID: 10209, guid: 0000000000000000e000000000000000, type: 0}
--- !u!1 &6007759936003632958
GameObject:
  m_ObjectHideFlags: 0
  m_CorrespondingSourceObject: {fileID: 0}
  m_PrefabInstance: {fileID: 0}
  m_PrefabAsset: {fileID: 0}
  serializedVersion: 6
  m_Component:
  - component: {fileID: 7266465822235045712}
  - component: {fileID: 6335096447743878523}
  - component: {fileID: 5797186731624408943}
  - component: {fileID: 1890099361709515355}
  m_Layer: 0
  m_Name: Plane (4)
  m_TagString: Untagged
  m_Icon: {fileID: 0}
  m_NavMeshLayer: 0
  m_StaticEditorFlags: 0
  m_IsActive: 1
--- !u!4 &7266465822235045712
Transform:
  m_ObjectHideFlags: 0
  m_CorrespondingSourceObject: {fileID: 0}
  m_PrefabInstance: {fileID: 0}
  m_PrefabAsset: {fileID: 0}
  m_GameObject: {fileID: 6007759936003632958}
  m_LocalRotation: {x: 0.7071068, y: 0.7071068, z: 0, w: 0}
  m_LocalPosition: {x: -3, y: 3, z: -1.525}
  m_LocalScale: {x: 0.6000006, y: 1, z: 0.2948954}
  m_Children: []
  m_Father: {fileID: 8068406352335820319}
  m_RootOrder: 2
  m_LocalEulerAnglesHint: {x: 0, y: 180, z: 90}
--- !u!33 &6335096447743878523
MeshFilter:
  m_ObjectHideFlags: 0
  m_CorrespondingSourceObject: {fileID: 0}
  m_PrefabInstance: {fileID: 0}
  m_PrefabAsset: {fileID: 0}
  m_GameObject: {fileID: 6007759936003632958}
  m_Mesh: {fileID: 10209, guid: 0000000000000000e000000000000000, type: 0}
--- !u!23 &5797186731624408943
MeshRenderer:
  m_ObjectHideFlags: 0
  m_CorrespondingSourceObject: {fileID: 0}
  m_PrefabInstance: {fileID: 0}
  m_PrefabAsset: {fileID: 0}
  m_GameObject: {fileID: 6007759936003632958}
  m_Enabled: 0
  m_CastShadows: 1
  m_ReceiveShadows: 1
  m_DynamicOccludee: 1
  m_MotionVectors: 1
  m_LightProbeUsage: 1
  m_ReflectionProbeUsage: 1
  m_RayTracingMode: 2
  m_RenderingLayerMask: 1
  m_RendererPriority: 0
  m_Materials:
  - {fileID: 10303, guid: 0000000000000000f000000000000000, type: 0}
  m_StaticBatchInfo:
    firstSubMesh: 0
    subMeshCount: 0
  m_StaticBatchRoot: {fileID: 0}
  m_ProbeAnchor: {fileID: 0}
  m_LightProbeVolumeOverride: {fileID: 0}
  m_ScaleInLightmap: 1
  m_ReceiveGI: 1
  m_PreserveUVs: 0
  m_IgnoreNormalsForChartDetection: 0
  m_ImportantGI: 0
  m_StitchLightmapSeams: 1
  m_SelectedEditorRenderState: 3
  m_MinimumChartSize: 4
  m_AutoUVMaxDistance: 0.5
  m_AutoUVMaxAngle: 89
  m_LightmapParameters: {fileID: 0}
  m_SortingLayerID: 0
  m_SortingLayer: 0
  m_SortingOrder: 0
--- !u!64 &1890099361709515355
MeshCollider:
  m_ObjectHideFlags: 0
  m_CorrespondingSourceObject: {fileID: 0}
  m_PrefabInstance: {fileID: 0}
  m_PrefabAsset: {fileID: 0}
  m_GameObject: {fileID: 6007759936003632958}
  m_Material: {fileID: 0}
  m_IsTrigger: 0
  m_Enabled: 1
  serializedVersion: 4
  m_Convex: 0
  m_CookingOptions: 30
  m_Mesh: {fileID: 10209, guid: 0000000000000000e000000000000000, type: 0}
--- !u!1 &6251460789598568387
GameObject:
  m_ObjectHideFlags: 0
  m_CorrespondingSourceObject: {fileID: 0}
  m_PrefabInstance: {fileID: 0}
  m_PrefabAsset: {fileID: 0}
  serializedVersion: 6
  m_Component:
  - component: {fileID: 8423776259658106089}
  - component: {fileID: 6044879126300013585}
  - component: {fileID: 576344871355869057}
  - component: {fileID: 1416718877294884232}
  m_Layer: 0
  m_Name: Plane (5)
  m_TagString: Untagged
  m_Icon: {fileID: 0}
  m_NavMeshLayer: 0
  m_StaticEditorFlags: 0
  m_IsActive: 1
--- !u!4 &8423776259658106089
Transform:
  m_ObjectHideFlags: 0
  m_CorrespondingSourceObject: {fileID: 0}
  m_PrefabInstance: {fileID: 0}
  m_PrefabAsset: {fileID: 0}
  m_GameObject: {fileID: 6251460789598568387}
  m_LocalRotation: {x: 0.5, y: 0.5, z: -0.5, w: -0.5}
  m_LocalPosition: {x: 2.648, y: 3, z: 3}
  m_LocalScale: {x: 0.6000015, y: 0.9999999, z: 0.060049467}
  m_Children: []
  m_Father: {fileID: 8068406352335820319}
  m_RootOrder: 5
  m_LocalEulerAnglesHint: {x: 0, y: 270, z: 90}
--- !u!33 &6044879126300013585
MeshFilter:
  m_ObjectHideFlags: 0
  m_CorrespondingSourceObject: {fileID: 0}
  m_PrefabInstance: {fileID: 0}
  m_PrefabAsset: {fileID: 0}
  m_GameObject: {fileID: 6251460789598568387}
  m_Mesh: {fileID: 10209, guid: 0000000000000000e000000000000000, type: 0}
--- !u!23 &576344871355869057
MeshRenderer:
  m_ObjectHideFlags: 0
  m_CorrespondingSourceObject: {fileID: 0}
  m_PrefabInstance: {fileID: 0}
  m_PrefabAsset: {fileID: 0}
  m_GameObject: {fileID: 6251460789598568387}
  m_Enabled: 0
  m_CastShadows: 1
  m_ReceiveShadows: 1
  m_DynamicOccludee: 1
  m_MotionVectors: 1
  m_LightProbeUsage: 1
  m_ReflectionProbeUsage: 1
  m_RayTracingMode: 2
  m_RenderingLayerMask: 1
  m_RendererPriority: 0
  m_Materials:
  - {fileID: 10303, guid: 0000000000000000f000000000000000, type: 0}
  m_StaticBatchInfo:
    firstSubMesh: 0
    subMeshCount: 0
  m_StaticBatchRoot: {fileID: 0}
  m_ProbeAnchor: {fileID: 0}
  m_LightProbeVolumeOverride: {fileID: 0}
  m_ScaleInLightmap: 1
  m_ReceiveGI: 1
  m_PreserveUVs: 0
  m_IgnoreNormalsForChartDetection: 0
  m_ImportantGI: 0
  m_StitchLightmapSeams: 1
  m_SelectedEditorRenderState: 3
  m_MinimumChartSize: 4
  m_AutoUVMaxDistance: 0.5
  m_AutoUVMaxAngle: 89
  m_LightmapParameters: {fileID: 0}
  m_SortingLayerID: 0
  m_SortingLayer: 0
  m_SortingOrder: 0
--- !u!64 &1416718877294884232
MeshCollider:
  m_ObjectHideFlags: 0
  m_CorrespondingSourceObject: {fileID: 0}
  m_PrefabInstance: {fileID: 0}
  m_PrefabAsset: {fileID: 0}
  m_GameObject: {fileID: 6251460789598568387}
  m_Material: {fileID: 0}
  m_IsTrigger: 0
  m_Enabled: 1
  serializedVersion: 4
  m_Convex: 0
  m_CookingOptions: 30
  m_Mesh: {fileID: 10209, guid: 0000000000000000e000000000000000, type: 0}
--- !u!1 &6484844937659229656
GameObject:
  m_ObjectHideFlags: 0
  m_CorrespondingSourceObject: {fileID: 0}
  m_PrefabInstance: {fileID: 0}
  m_PrefabAsset: {fileID: 0}
  serializedVersion: 6
  m_Component:
  - component: {fileID: 9088050218293286903}
  - component: {fileID: 5618796399491645452}
  - component: {fileID: 5153646854962048618}
  - component: {fileID: 7342519510468445127}
  m_Layer: 0
  m_Name: Plane
  m_TagString: Untagged
  m_Icon: {fileID: 0}
  m_NavMeshLayer: 0
  m_StaticEditorFlags: 0
  m_IsActive: 1
--- !u!4 &9088050218293286903
Transform:
  m_ObjectHideFlags: 0
  m_CorrespondingSourceObject: {fileID: 0}
  m_PrefabInstance: {fileID: 0}
  m_PrefabAsset: {fileID: 0}
  m_GameObject: {fileID: 6484844937659229656}
  m_LocalRotation: {x: 0, y: 0, z: 0.7071068, w: 0.7071068}
  m_LocalPosition: {x: 3, y: 3, z: 0}
  m_LocalScale: {x: 0.6, y: 1, z: 0.6}
  m_Children: []
  m_Father: {fileID: 8068406352335820319}
  m_RootOrder: 0
  m_LocalEulerAnglesHint: {x: 0, y: 0, z: 90}
--- !u!33 &5618796399491645452
MeshFilter:
  m_ObjectHideFlags: 0
  m_CorrespondingSourceObject: {fileID: 0}
  m_PrefabInstance: {fileID: 0}
  m_PrefabAsset: {fileID: 0}
  m_GameObject: {fileID: 6484844937659229656}
  m_Mesh: {fileID: 10209, guid: 0000000000000000e000000000000000, type: 0}
--- !u!23 &5153646854962048618
MeshRenderer:
  m_ObjectHideFlags: 0
  m_CorrespondingSourceObject: {fileID: 0}
  m_PrefabInstance: {fileID: 0}
  m_PrefabAsset: {fileID: 0}
  m_GameObject: {fileID: 6484844937659229656}
  m_Enabled: 0
  m_CastShadows: 1
  m_ReceiveShadows: 1
  m_DynamicOccludee: 1
  m_MotionVectors: 1
  m_LightProbeUsage: 1
  m_ReflectionProbeUsage: 1
  m_RayTracingMode: 2
  m_RenderingLayerMask: 1
  m_RendererPriority: 0
  m_Materials:
  - {fileID: 10303, guid: 0000000000000000f000000000000000, type: 0}
  m_StaticBatchInfo:
    firstSubMesh: 0
    subMeshCount: 0
  m_StaticBatchRoot: {fileID: 0}
  m_ProbeAnchor: {fileID: 0}
  m_LightProbeVolumeOverride: {fileID: 0}
  m_ScaleInLightmap: 1
  m_ReceiveGI: 1
  m_PreserveUVs: 0
  m_IgnoreNormalsForChartDetection: 0
  m_ImportantGI: 0
  m_StitchLightmapSeams: 1
  m_SelectedEditorRenderState: 3
  m_MinimumChartSize: 4
  m_AutoUVMaxDistance: 0.5
  m_AutoUVMaxAngle: 89
  m_LightmapParameters: {fileID: 0}
  m_SortingLayerID: 0
  m_SortingLayer: 0
  m_SortingOrder: 0
--- !u!64 &7342519510468445127
MeshCollider:
  m_ObjectHideFlags: 0
  m_CorrespondingSourceObject: {fileID: 0}
  m_PrefabInstance: {fileID: 0}
  m_PrefabAsset: {fileID: 0}
  m_GameObject: {fileID: 6484844937659229656}
  m_Material: {fileID: 0}
  m_IsTrigger: 0
  m_Enabled: 1
  serializedVersion: 4
  m_Convex: 0
  m_CookingOptions: 30
  m_Mesh: {fileID: 10209, guid: 0000000000000000e000000000000000, type: 0}
--- !u!1 &6510138272923656785
GameObject:
  m_ObjectHideFlags: 0
  m_CorrespondingSourceObject: {fileID: 0}
  m_PrefabInstance: {fileID: 0}
  m_PrefabAsset: {fileID: 0}
  serializedVersion: 6
  m_Component:
  - component: {fileID: 8068406352335820319}
  m_Layer: 0
  m_Name: BOUNDS (1)
  m_TagString: Untagged
  m_Icon: {fileID: 0}
  m_NavMeshLayer: 0
  m_StaticEditorFlags: 0
  m_IsActive: 1
--- !u!4 &8068406352335820319
Transform:
  m_ObjectHideFlags: 0
  m_CorrespondingSourceObject: {fileID: 0}
  m_PrefabInstance: {fileID: 0}
  m_PrefabAsset: {fileID: 0}
  m_GameObject: {fileID: 6510138272923656785}
  m_LocalRotation: {x: -0, y: -0.70474213, z: -0, w: 0.7094636}
  m_LocalPosition: {x: 0, y: 0, z: 7.53}
  m_LocalScale: {x: 1, y: 1, z: 1}
  m_Children:
  - {fileID: 9088050218293286903}
  - {fileID: 8848077036827413834}
  - {fileID: 7266465822235045712}
  - {fileID: 5338341178545527719}
  - {fileID: 1882472460183850531}
  - {fileID: 8423776259658106089}
  m_Father: {fileID: 8479031070829003619}
  m_RootOrder: 0
  m_LocalEulerAnglesHint: {x: 0, y: -89.617004, z: 0}
--- !u!1 &8479031069694215009
GameObject:
  m_ObjectHideFlags: 0
  m_CorrespondingSourceObject: {fileID: 0}
  m_PrefabInstance: {fileID: 0}
  m_PrefabAsset: {fileID: 0}
  serializedVersion: 6
  m_Component:
  - component: {fileID: 8479031069694215008}
  - component: {fileID: 8479031069694215021}
  - component: {fileID: 8479031069694215010}
  - component: {fileID: 8479031069694215011}
  m_Layer: 9
  m_Name: FakeWater (1)
  m_TagString: Untagged
  m_Icon: {fileID: 0}
  m_NavMeshLayer: 0
  m_StaticEditorFlags: 0
  m_IsActive: 1
--- !u!4 &8479031069694215008
Transform:
  m_ObjectHideFlags: 0
  m_CorrespondingSourceObject: {fileID: 0}
  m_PrefabInstance: {fileID: 0}
  m_PrefabAsset: {fileID: 0}
  m_GameObject: {fileID: 8479031069694215009}
  m_LocalRotation: {x: 0.7071068, y: -0, z: -0, w: 0.7071068}
  m_LocalPosition: {x: 0, y: 0.65, z: 7.5}
  m_LocalScale: {x: 6, y: 6, z: 1}
  m_Children: []
  m_Father: {fileID: 8479031070829003619}
  m_RootOrder: 2
  m_LocalEulerAnglesHint: {x: 90, y: 0, z: 0}
--- !u!33 &8479031069694215021
MeshFilter:
  m_ObjectHideFlags: 0
  m_CorrespondingSourceObject: {fileID: 0}
  m_PrefabInstance: {fileID: 0}
  m_PrefabAsset: {fileID: 0}
  m_GameObject: {fileID: 8479031069694215009}
  m_Mesh: {fileID: 10210, guid: 0000000000000000e000000000000000, type: 0}
--- !u!23 &8479031069694215010
MeshRenderer:
  m_ObjectHideFlags: 0
  m_CorrespondingSourceObject: {fileID: 0}
  m_PrefabInstance: {fileID: 0}
  m_PrefabAsset: {fileID: 0}
  m_GameObject: {fileID: 8479031069694215009}
  m_Enabled: 1
  m_CastShadows: 1
  m_ReceiveShadows: 1
  m_DynamicOccludee: 1
  m_MotionVectors: 1
  m_LightProbeUsage: 1
  m_ReflectionProbeUsage: 1
  m_RayTracingMode: 2
  m_RenderingLayerMask: 1
  m_RendererPriority: 0
  m_Materials:
  - {fileID: 2100000, guid: a5e1c6fc18215ee48b8cc289fee501be, type: 2}
  m_StaticBatchInfo:
    firstSubMesh: 0
    subMeshCount: 0
  m_StaticBatchRoot: {fileID: 0}
  m_ProbeAnchor: {fileID: 0}
  m_LightProbeVolumeOverride: {fileID: 0}
  m_ScaleInLightmap: 1
  m_ReceiveGI: 1
  m_PreserveUVs: 0
  m_IgnoreNormalsForChartDetection: 0
  m_ImportantGI: 0
  m_StitchLightmapSeams: 1
  m_SelectedEditorRenderState: 3
  m_MinimumChartSize: 4
  m_AutoUVMaxDistance: 0.5
  m_AutoUVMaxAngle: 89
  m_LightmapParameters: {fileID: 0}
  m_SortingLayerID: 0
  m_SortingLayer: 0
  m_SortingOrder: 0
--- !u!64 &8479031069694215011
MeshCollider:
  m_ObjectHideFlags: 0
  m_CorrespondingSourceObject: {fileID: 0}
  m_PrefabInstance: {fileID: 0}
  m_PrefabAsset: {fileID: 0}
  m_GameObject: {fileID: 8479031069694215009}
  m_Material: {fileID: 0}
  m_IsTrigger: 0
  m_Enabled: 0
  serializedVersion: 4
  m_Convex: 0
  m_CookingOptions: 30
  m_Mesh: {fileID: 10210, guid: 0000000000000000e000000000000000, type: 0}
--- !u!1 &8479031070829003616
GameObject:
  m_ObjectHideFlags: 0
  m_CorrespondingSourceObject: {fileID: 0}
  m_PrefabInstance: {fileID: 0}
  m_PrefabAsset: {fileID: 0}
  serializedVersion: 6
  m_Component:
  - component: {fileID: 8479031070829003619}
  m_Layer: 0
  m_Name: Tile4
  m_TagString: Untagged
  m_Icon: {fileID: 0}
  m_NavMeshLayer: 0
  m_StaticEditorFlags: 0
  m_IsActive: 1
--- !u!4 &8479031070829003619
Transform:
  m_ObjectHideFlags: 0
  m_CorrespondingSourceObject: {fileID: 0}
  m_PrefabInstance: {fileID: 0}
  m_PrefabAsset: {fileID: 0}
  m_GameObject: {fileID: 8479031070829003616}
  m_LocalRotation: {x: -0, y: -0, z: -0, w: 1}
  m_LocalPosition: {x: 0, y: 0, z: 0}
  m_LocalScale: {x: 1, y: 1, z: 1}
  m_Children:
  - {fileID: 8068406352335820319}
  - {fileID: 8223899099875694968}
  - {fileID: 8479031069694215008}
  - {fileID: 7622349778866182620}
  m_Father: {fileID: 0}
  m_RootOrder: 0
  m_LocalEulerAnglesHint: {x: 0, y: 0, z: 0}
--- !u!1001 &1036587409881558219
PrefabInstance:
  m_ObjectHideFlags: 0
  serializedVersion: 2
  m_Modification:
    m_TransformParent: {fileID: 7622349778866182620}
    m_Modifications:
    - target: {fileID: 308511363762547127, guid: 2891116dddece7246a478199ca0ab922,
        type: 3}
      propertyPath: m_RootOrder
      value: 1
      objectReference: {fileID: 0}
    - target: {fileID: 308511363762547127, guid: 2891116dddece7246a478199ca0ab922,
        type: 3}
      propertyPath: m_LocalPosition.x
      value: 0.195
      objectReference: {fileID: 0}
    - target: {fileID: 308511363762547127, guid: 2891116dddece7246a478199ca0ab922,
        type: 3}
      propertyPath: m_LocalPosition.y
      value: 0.000797987
      objectReference: {fileID: 0}
    - target: {fileID: 308511363762547127, guid: 2891116dddece7246a478199ca0ab922,
        type: 3}
      propertyPath: m_LocalPosition.z
      value: 1.864
      objectReference: {fileID: 0}
    - target: {fileID: 308511363762547127, guid: 2891116dddece7246a478199ca0ab922,
        type: 3}
      propertyPath: m_LocalRotation.w
      value: 1
      objectReference: {fileID: 0}
    - target: {fileID: 308511363762547127, guid: 2891116dddece7246a478199ca0ab922,
        type: 3}
      propertyPath: m_LocalRotation.x
      value: 0
      objectReference: {fileID: 0}
    - target: {fileID: 308511363762547127, guid: 2891116dddece7246a478199ca0ab922,
        type: 3}
      propertyPath: m_LocalRotation.y
      value: 0
      objectReference: {fileID: 0}
    - target: {fileID: 308511363762547127, guid: 2891116dddece7246a478199ca0ab922,
        type: 3}
      propertyPath: m_LocalRotation.z
      value: 0
      objectReference: {fileID: 0}
    - target: {fileID: 308511363762547127, guid: 2891116dddece7246a478199ca0ab922,
        type: 3}
      propertyPath: m_LocalEulerAnglesHint.x
      value: 0
      objectReference: {fileID: 0}
    - target: {fileID: 308511363762547127, guid: 2891116dddece7246a478199ca0ab922,
        type: 3}
      propertyPath: m_LocalEulerAnglesHint.y
      value: 0
      objectReference: {fileID: 0}
    - target: {fileID: 308511363762547127, guid: 2891116dddece7246a478199ca0ab922,
        type: 3}
      propertyPath: m_LocalEulerAnglesHint.z
      value: 0
      objectReference: {fileID: 0}
    - target: {fileID: 2312362622062227649, guid: 2891116dddece7246a478199ca0ab922,
        type: 3}
      propertyPath: m_LocalPosition.x
      value: -0.027
      objectReference: {fileID: 0}
    - target: {fileID: 2312362622062227649, guid: 2891116dddece7246a478199ca0ab922,
        type: 3}
      propertyPath: m_LocalPosition.y
      value: 0.035
      objectReference: {fileID: 0}
    - target: {fileID: 2312362622062227649, guid: 2891116dddece7246a478199ca0ab922,
        type: 3}
      propertyPath: m_LocalPosition.z
      value: 0.021
      objectReference: {fileID: 0}
    - target: {fileID: 3336715284710145895, guid: 2891116dddece7246a478199ca0ab922,
        type: 3}
      propertyPath: m_Name
      value: Tree_1 Vine 3
      objectReference: {fileID: 0}
    - target: {fileID: 8763425399853643628, guid: 2891116dddece7246a478199ca0ab922,
        type: 3}
      propertyPath: m_LocalPosition.z
      value: -0.011
      objectReference: {fileID: 0}
    m_RemovedComponents: []
  m_SourcePrefab: {fileID: 100100000, guid: 2891116dddece7246a478199ca0ab922, type: 3}
--- !u!4 &732608663824172412 stripped
Transform:
  m_CorrespondingSourceObject: {fileID: 308511363762547127, guid: 2891116dddece7246a478199ca0ab922,
    type: 3}
  m_PrefabInstance: {fileID: 1036587409881558219}
  m_PrefabAsset: {fileID: 0}
--- !u!1001 &3333376640348102997
PrefabInstance:
  m_ObjectHideFlags: 0
  serializedVersion: 2
  m_Modification:
    m_TransformParent: {fileID: 7622349778866182620}
    m_Modifications:
    - target: {fileID: 5846690826488732702, guid: 17efb01d9d76fac438a3d692da068f21,
        type: 3}
      propertyPath: m_RootOrder
      value: 0
      objectReference: {fileID: 0}
    - target: {fileID: 5846690826488732702, guid: 17efb01d9d76fac438a3d692da068f21,
        type: 3}
      propertyPath: m_LocalPosition.x
      value: 2.773
      objectReference: {fileID: 0}
    - target: {fileID: 5846690826488732702, guid: 17efb01d9d76fac438a3d692da068f21,
        type: 3}
      propertyPath: m_LocalPosition.y
      value: 0.01979798
      objectReference: {fileID: 0}
    - target: {fileID: 5846690826488732702, guid: 17efb01d9d76fac438a3d692da068f21,
        type: 3}
      propertyPath: m_LocalPosition.z
      value: -2.01
      objectReference: {fileID: 0}
    - target: {fileID: 5846690826488732702, guid: 17efb01d9d76fac438a3d692da068f21,
        type: 3}
      propertyPath: m_LocalRotation.w
      value: 1
      objectReference: {fileID: 0}
    - target: {fileID: 5846690826488732702, guid: 17efb01d9d76fac438a3d692da068f21,
        type: 3}
      propertyPath: m_LocalRotation.x
      value: 0
      objectReference: {fileID: 0}
    - target: {fileID: 5846690826488732702, guid: 17efb01d9d76fac438a3d692da068f21,
        type: 3}
      propertyPath: m_LocalRotation.y
      value: 0
      objectReference: {fileID: 0}
    - target: {fileID: 5846690826488732702, guid: 17efb01d9d76fac438a3d692da068f21,
        type: 3}
      propertyPath: m_LocalRotation.z
      value: 0
      objectReference: {fileID: 0}
    - target: {fileID: 5846690826488732702, guid: 17efb01d9d76fac438a3d692da068f21,
        type: 3}
      propertyPath: m_LocalEulerAnglesHint.x
      value: 0
      objectReference: {fileID: 0}
    - target: {fileID: 5846690826488732702, guid: 17efb01d9d76fac438a3d692da068f21,
        type: 3}
      propertyPath: m_LocalEulerAnglesHint.y
      value: 0
      objectReference: {fileID: 0}
    - target: {fileID: 5846690826488732702, guid: 17efb01d9d76fac438a3d692da068f21,
        type: 3}
      propertyPath: m_LocalEulerAnglesHint.z
      value: 0
      objectReference: {fileID: 0}
    - target: {fileID: 8465846641569645928, guid: 17efb01d9d76fac438a3d692da068f21,
        type: 3}
      propertyPath: m_LocalPosition.y
      value: -0.021
      objectReference: {fileID: 0}
    - target: {fileID: 8873771287132637902, guid: 17efb01d9d76fac438a3d692da068f21,
        type: 3}
      propertyPath: m_Name
      value: Tree_1 Vine 4
      objectReference: {fileID: 0}
    m_RemovedComponents: []
  m_SourcePrefab: {fileID: 100100000, guid: 17efb01d9d76fac438a3d692da068f21, type: 3}
--- !u!4 &9178641914577943883 stripped
Transform:
  m_CorrespondingSourceObject: {fileID: 5846690826488732702, guid: 17efb01d9d76fac438a3d692da068f21,
    type: 3}
  m_PrefabInstance: {fileID: 3333376640348102997}
  m_PrefabAsset: {fileID: 0}
--- !u!1001 &5417830217230255201
PrefabInstance:
  m_ObjectHideFlags: 0
  serializedVersion: 2
  m_Modification:
    m_TransformParent: {fileID: 7622349778866182620}
    m_Modifications:
    - target: {fileID: 6047353972067786601, guid: 74f2ebebb8bb8bd43891cfb8e49d3fae,
        type: 3}
      propertyPath: m_RootOrder
      value: 2
      objectReference: {fileID: 0}
    - target: {fileID: 6047353972067786601, guid: 74f2ebebb8bb8bd43891cfb8e49d3fae,
        type: 3}
      propertyPath: m_LocalPosition.x
      value: -1.31
      objectReference: {fileID: 0}
    - target: {fileID: 6047353972067786601, guid: 74f2ebebb8bb8bd43891cfb8e49d3fae,
        type: 3}
      propertyPath: m_LocalPosition.y
      value: -0.004
      objectReference: {fileID: 0}
    - target: {fileID: 6047353972067786601, guid: 74f2ebebb8bb8bd43891cfb8e49d3fae,
        type: 3}
      propertyPath: m_LocalPosition.z
      value: 1.269
      objectReference: {fileID: 0}
    - target: {fileID: 6047353972067786601, guid: 74f2ebebb8bb8bd43891cfb8e49d3fae,
        type: 3}
      propertyPath: m_LocalRotation.w
      value: 1
      objectReference: {fileID: 0}
    - target: {fileID: 6047353972067786601, guid: 74f2ebebb8bb8bd43891cfb8e49d3fae,
        type: 3}
      propertyPath: m_LocalRotation.x
      value: 0
      objectReference: {fileID: 0}
    - target: {fileID: 6047353972067786601, guid: 74f2ebebb8bb8bd43891cfb8e49d3fae,
        type: 3}
      propertyPath: m_LocalRotation.y
      value: 0
      objectReference: {fileID: 0}
    - target: {fileID: 6047353972067786601, guid: 74f2ebebb8bb8bd43891cfb8e49d3fae,
        type: 3}
      propertyPath: m_LocalRotation.z
      value: 0
      objectReference: {fileID: 0}
    - target: {fileID: 6047353972067786601, guid: 74f2ebebb8bb8bd43891cfb8e49d3fae,
        type: 3}
      propertyPath: m_LocalEulerAnglesHint.x
      value: 0
      objectReference: {fileID: 0}
    - target: {fileID: 6047353972067786601, guid: 74f2ebebb8bb8bd43891cfb8e49d3fae,
        type: 3}
      propertyPath: m_LocalEulerAnglesHint.y
      value: 0
      objectReference: {fileID: 0}
    - target: {fileID: 6047353972067786601, guid: 74f2ebebb8bb8bd43891cfb8e49d3fae,
        type: 3}
      propertyPath: m_LocalEulerAnglesHint.z
      value: 0
      objectReference: {fileID: 0}
    - target: {fileID: 8625414300970894879, guid: 74f2ebebb8bb8bd43891cfb8e49d3fae,
        type: 3}
      propertyPath: m_LocalPosition.y
      value: 0.047
      objectReference: {fileID: 0}
    - target: {fileID: 8785095473701226937, guid: 74f2ebebb8bb8bd43891cfb8e49d3fae,
        type: 3}
      propertyPath: m_Name
      value: Tree_1 Vine 1
      objectReference: {fileID: 0}
    m_RemovedComponents: []
  m_SourcePrefab: {fileID: 100100000, guid: 74f2ebebb8bb8bd43891cfb8e49d3fae, type: 3}
--- !u!4 &1784405688920234760 stripped
Transform:
  m_CorrespondingSourceObject: {fileID: 6047353972067786601, guid: 74f2ebebb8bb8bd43891cfb8e49d3fae,
    type: 3}
  m_PrefabInstance: {fileID: 5417830217230255201}
  m_PrefabAsset: {fileID: 0}
--- !u!1001 &8479031070589959827
PrefabInstance:
  m_ObjectHideFlags: 0
  serializedVersion: 2
  m_Modification:
    m_TransformParent: {fileID: 8479031070829003619}
    m_Modifications:
    - target: {fileID: -8679921383154817045, guid: 4af4b8cf8d33a794f823b3ebdce1ec2e,
        type: 3}
      propertyPath: m_RootOrder
      value: 1
      objectReference: {fileID: 0}
    - target: {fileID: -8679921383154817045, guid: 4af4b8cf8d33a794f823b3ebdce1ec2e,
        type: 3}
      propertyPath: m_LocalPosition.x
      value: 0
      objectReference: {fileID: 0}
    - target: {fileID: -8679921383154817045, guid: 4af4b8cf8d33a794f823b3ebdce1ec2e,
        type: 3}
      propertyPath: m_LocalPosition.y
      value: 0
      objectReference: {fileID: 0}
    - target: {fileID: -8679921383154817045, guid: 4af4b8cf8d33a794f823b3ebdce1ec2e,
        type: 3}
      propertyPath: m_LocalPosition.z
      value: 0
      objectReference: {fileID: 0}
    - target: {fileID: -8679921383154817045, guid: 4af4b8cf8d33a794f823b3ebdce1ec2e,
        type: 3}
      propertyPath: m_LocalRotation.w
      value: 1
      objectReference: {fileID: 0}
    - target: {fileID: -8679921383154817045, guid: 4af4b8cf8d33a794f823b3ebdce1ec2e,
        type: 3}
      propertyPath: m_LocalRotation.x
      value: -0
      objectReference: {fileID: 0}
    - target: {fileID: -8679921383154817045, guid: 4af4b8cf8d33a794f823b3ebdce1ec2e,
        type: 3}
      propertyPath: m_LocalRotation.y
      value: -0
      objectReference: {fileID: 0}
    - target: {fileID: -8679921383154817045, guid: 4af4b8cf8d33a794f823b3ebdce1ec2e,
        type: 3}
      propertyPath: m_LocalRotation.z
      value: -0
      objectReference: {fileID: 0}
    - target: {fileID: -8679921383154817045, guid: 4af4b8cf8d33a794f823b3ebdce1ec2e,
        type: 3}
      propertyPath: m_LocalEulerAnglesHint.x
      value: 0
      objectReference: {fileID: 0}
    - target: {fileID: -8679921383154817045, guid: 4af4b8cf8d33a794f823b3ebdce1ec2e,
        type: 3}
      propertyPath: m_LocalEulerAnglesHint.y
      value: 0
      objectReference: {fileID: 0}
    - target: {fileID: -8679921383154817045, guid: 4af4b8cf8d33a794f823b3ebdce1ec2e,
        type: 3}
      propertyPath: m_LocalEulerAnglesHint.z
      value: 0
      objectReference: {fileID: 0}
    - target: {fileID: 919132149155446097, guid: 4af4b8cf8d33a794f823b3ebdce1ec2e,
        type: 3}
      propertyPath: m_Name
      value: Tile4_base
      objectReference: {fileID: 0}
    - target: {fileID: 1151388028547126963, guid: 4af4b8cf8d33a794f823b3ebdce1ec2e,
        type: 3}
      propertyPath: m_LocalPosition.z
      value: 7.5
      objectReference: {fileID: 0}
    - target: {fileID: 1151388028547126963, guid: 4af4b8cf8d33a794f823b3ebdce1ec2e,
        type: 3}
      propertyPath: m_LocalRotation.w
      value: 0
      objectReference: {fileID: 0}
    - target: {fileID: 1151388028547126963, guid: 4af4b8cf8d33a794f823b3ebdce1ec2e,
        type: 3}
      propertyPath: m_LocalRotation.y
      value: 1
      objectReference: {fileID: 0}
    - target: {fileID: 1151388028547126963, guid: 4af4b8cf8d33a794f823b3ebdce1ec2e,
        type: 3}
      propertyPath: m_LocalRotation.z
      value: 0
      objectReference: {fileID: 0}
    - target: {fileID: 1151388028547126963, guid: 4af4b8cf8d33a794f823b3ebdce1ec2e,
        type: 3}
      propertyPath: m_LocalEulerAnglesHint.y
      value: 180
      objectReference: {fileID: 0}
    m_RemovedComponents: []
  m_SourcePrefab: {fileID: 100100000, guid: 4af4b8cf8d33a794f823b3ebdce1ec2e, type: 3}
--- !u!4 &8223899099875694968 stripped
Transform:
  m_CorrespondingSourceObject: {fileID: -8679921383154817045, guid: 4af4b8cf8d33a794f823b3ebdce1ec2e,
    type: 3}
  m_PrefabInstance: {fileID: 8479031070589959827}
  m_PrefabAsset: {fileID: 0}
--- !u!1 &353308150518905627 stripped
GameObject:
  m_CorrespondingSourceObject: {fileID: 8164078558771037576, guid: 4af4b8cf8d33a794f823b3ebdce1ec2e,
    type: 3}
  m_PrefabInstance: {fileID: 8479031070589959827}
  m_PrefabAsset: {fileID: 0}
--- !u!1001 &8936233972125994908
PrefabInstance:
  m_ObjectHideFlags: 0
  serializedVersion: 2
  m_Modification:
    m_TransformParent: {fileID: 7622349778866182620}
    m_Modifications:
    - target: {fileID: 5846690826488732702, guid: 17efb01d9d76fac438a3d692da068f21,
        type: 3}
      propertyPath: m_RootOrder
      value: 3
      objectReference: {fileID: 0}
    - target: {fileID: 5846690826488732702, guid: 17efb01d9d76fac438a3d692da068f21,
        type: 3}
      propertyPath: m_LocalPosition.x
      value: -1.424
      objectReference: {fileID: 0}
    - target: {fileID: 5846690826488732702, guid: 17efb01d9d76fac438a3d692da068f21,
        type: 3}
      propertyPath: m_LocalPosition.y
      value: -0.0042020082
      objectReference: {fileID: 0}
    - target: {fileID: 5846690826488732702, guid: 17efb01d9d76fac438a3d692da068f21,
        type: 3}
      propertyPath: m_LocalPosition.z
      value: -1.539
      objectReference: {fileID: 0}
    - target: {fileID: 5846690826488732702, guid: 17efb01d9d76fac438a3d692da068f21,
        type: 3}
      propertyPath: m_LocalRotation.w
      value: 1
      objectReference: {fileID: 0}
    - target: {fileID: 5846690826488732702, guid: 17efb01d9d76fac438a3d692da068f21,
        type: 3}
      propertyPath: m_LocalRotation.x
      value: -0
      objectReference: {fileID: 0}
    - target: {fileID: 5846690826488732702, guid: 17efb01d9d76fac438a3d692da068f21,
        type: 3}
      propertyPath: m_LocalRotation.y
      value: -0
      objectReference: {fileID: 0}
    - target: {fileID: 5846690826488732702, guid: 17efb01d9d76fac438a3d692da068f21,
        type: 3}
      propertyPath: m_LocalRotation.z
      value: -0
      objectReference: {fileID: 0}
    - target: {fileID: 5846690826488732702, guid: 17efb01d9d76fac438a3d692da068f21,
        type: 3}
      propertyPath: m_LocalEulerAnglesHint.x
      value: 0
      objectReference: {fileID: 0}
    - target: {fileID: 5846690826488732702, guid: 17efb01d9d76fac438a3d692da068f21,
        type: 3}
      propertyPath: m_LocalEulerAnglesHint.y
      value: 0
      objectReference: {fileID: 0}
    - target: {fileID: 5846690826488732702, guid: 17efb01d9d76fac438a3d692da068f21,
        type: 3}
      propertyPath: m_LocalEulerAnglesHint.z
      value: 0
      objectReference: {fileID: 0}
    - target: {fileID: 8465846641569645928, guid: 17efb01d9d76fac438a3d692da068f21,
        type: 3}
      propertyPath: m_LocalPosition.y
      value: 0.001
      objectReference: {fileID: 0}
    - target: {fileID: 8873771287132637902, guid: 17efb01d9d76fac438a3d692da068f21,
        type: 3}
      propertyPath: m_Name
      value: Tree_1 Vine 4
      objectReference: {fileID: 0}
    m_RemovedComponents: []
  m_SourcePrefab: {fileID: 100100000, guid: 17efb01d9d76fac438a3d692da068f21, type: 3}
--- !u!4 &3251738740505990018 stripped
Transform:
  m_CorrespondingSourceObject: {fileID: 5846690826488732702, guid: 17efb01d9d76fac438a3d692da068f21,
    type: 3}
  m_PrefabInstance: {fileID: 8936233972125994908}
  m_PrefabAsset: {fileID: 0}
